@article{crouch2004determinants,
  title={The determinants of convention site selection: A logistic choice model from experimental data},
  author={Crouch, Geoffrey I and Louviere, Jordan J},
  journal={Journal of travel research},
  volume={43},
  number={2},
  pages={118--130},
  year={2004},
  publisher={Sage Publications Sage CA: Thousand Oaks, CA}
}

@article{ap1992residents,
  title={Residents' perceptions on tourism impacts},
  author={Ap, John},
  journal={Annals of tourism Research},
  volume={19},
  number={4},
  pages={665--690},
  year={1992},
  publisher={Elsevier}
}